@book{aho,
  title={Compilers: Principles, Techniques, and Tools</TITLE>},
  author={Aho, Alfred V and Sethi, Ravi and Ullman, Jeffrey D},
  year={1985},
  publisher={Addison Wesley</publisher>}
}

@book{louden,
  title={Compiler construction},
  author={Louden, Kenneth C},
  year={1997},
  publisher={PWS Publ.}
}

@book{levine,
  title={Flex \& bison},
  author={Levine, John},
  year={2009},
  publisher={" O'Reilly Media, Inc."}
}

@article{jeffery,
  title={Generating LR syntax error messages from examples},
  author={Jeffery, Clinton L},
  journal={ACM Transactions on Programming Languages and Systems (TOPLAS)},
  volume={25},
  number={5},
  pages={631--640},
  year={2003},
  publisher={ACM}
}